<?xml version="1.0" encoding="UTF-8"?><collection xmlns="http://www.loc.gov/MARC21/slim"><record><leader>00422nam--2200133-i-4500</leader><controlfield tag="001">000004456</controlfield><controlfield tag="002">20161230</controlfield><controlfield tag="005">20170211153504</controlfield><controlfield tag="008">060222s1000------------r-----000-0-eng-d</controlfield><datafield ind1=" " ind2=" " tag="100"><subfield code="a">Dio, Wolf-Heiner</subfield></datafield><datafield ind1=" " ind2=" " tag="245"><subfield code="a">Untersuchung der diffusion thermischer neutronen in wasser und paraffin mit der methode der gepulsten quelle</subfield></datafield><datafield ind1=" " ind2=" " tag="260"><subfield code="a">Stuttgart</subfield><subfield code="b">Technischen Hochschule</subfield><subfield code="c">1958</subfield></datafield><datafield ind1=" " ind2=" " tag="300"><subfield code="a">59 p</subfield></datafield><datafield ind1=" " ind2=" " tag="CAT"><subfield code="a">SYS</subfield><subfield code="c">20170211</subfield><subfield code="h">153504</subfield></datafield></record></collection>